@article{thrift,
  title={Thrift: Scalable cross-language services implementation},
  author={Slee, Mark and Agarwal, Aditya and Kwiatkowski, Marc}
}



@misc{easypass,
title={Do you have one of the most common passwords? They’re ridiculously easy to gue}, url={http://www.telegraph.co.uk/technology/2016/01/26/most-common-passwords-revealed---and-theyre-ridiculously-easy-to/}, journal={Do you have one of the most common passwords? They’re ridiculously easy to gue}, publisher={Telegraph Media Group}}




@misc{databreach, title={Five Biggest Data Breaches in History}, url={http://www.pcquest.com/five-biggest-data-breaches-in-history/}, journal={PCQuest}, publisher={PCQuest}, author={Shekhar, Sidharth}, year={2016}, month={Dec}}

